<record><leader>00000cas a22000007a 4500</leader><controlfield tag="001">12742963</controlfield><controlfield tag="008">851031d192619uualuwr ne      0    0eng d</controlfield><datafield ind1=" " ind2=" " tag="010"><subfield code="a">sn 86050093 </subfield></datafield><datafield ind1=" " ind2=" " tag="040"><subfield code="a">ALM</subfield><subfield code="b">eng</subfield><subfield code="c">ALM</subfield><subfield code="d">CPN</subfield><subfield code="d">OCLCQ</subfield></datafield><datafield ind1=" " ind2=" " tag="042"><subfield code="a">msc</subfield></datafield><datafield ind1="0" ind2=" " tag="130"><subfield code="a">Community builder (Huntsville, Ala.)</subfield></datafield><datafield ind1="1" ind2="4" tag="245"><subfield code="a">The Community builder.</subfield></datafield><datafield ind1=" " ind2=" " tag="260"><subfield code="a">Huntsville, Ala. :</subfield><subfield code="b">Charles D. Lane,</subfield><subfield code="c">1926-</subfield></datafield><datafield ind1=" " ind2=" " tag="300"><subfield code="a">v. :</subfield><subfield code="b">ill. ;</subfield><subfield code="c">59-62 cm.</subfield></datafield><datafield ind1=" " ind2=" " tag="310"><subfield code="a">Weekly</subfield></datafield><datafield ind1=" " ind2=" " tag="321"><subfield code="a">Weekly,</subfield><subfield code="b">&lt;Dec. 9, 1926-Mar. 29, 1928&gt;</subfield></datafield><datafield ind1=" " ind2=" " tag="321"><subfield code="a">Three times a week,</subfield><subfield code="b">&lt;Apr. 1, 1928-Feb. 24, 1929&gt;</subfield></datafield><datafield ind1="0" ind2=" " tag="362"><subfield code="a">Vol. 5, no. 62 (Dec. 9, 1926)-</subfield></datafield><datafield ind1=" " ind2=" " tag="515"><subfield code="a">Suspended Feb. 1929-Nov. 1931.</subfield></datafield><datafield ind1=" " ind2=" " tag="515"><subfield code="a">Numbering is irregular.</subfield></datafield><datafield ind1=" " ind2=" " tag="752"><subfield code="a">United States</subfield><subfield code="b">Alabama</subfield><subfield code="c">Madison</subfield><subfield code="d">Huntsville.</subfield></datafield><datafield ind1="0" ind2="0" tag="780"><subfield code="t">Weekly community builder</subfield><subfield code="w">(DLC)sn 86050092</subfield></datafield></record>